@article{
paige-1980
,
	author = {Paige, Christopher C.},
	journal = {Linear Algebra and its Applications},
	month = {12},
	pages = {235--258},
	publisher = {Elsevier BV},
	title = {{Accuracy and effectiveness of the Lanczos algorithm for the symmetric eigenproblem}},
	volume = {34},
	year = {1980},
	doi = {10.1016/0024-3795(80)90167-6},
	url = {https://doi.org/10.1016/0024-3795(80)90167-6},
}
@article{sturm-ortega1960,
  title={On Sturm Sequences for Tridiagonal Matrices},
  author={James M. Ortega},
  journal={J. ACM},
  year={1960},
  volume={7},
  pages={260-263},
  url={https://api.semanticscholar.org/CorpusID:10659536}
}
@article{givens-eig,
author = {White, Paul A.},
title = {The Computation of Eigenvalues and Eigenvectors of a Matrix},
journal = {Journal of the Society for Industrial and Applied Mathematics},
volume = {6},
number = {4},
pages = {393-437},
year = {1958},
doi = {10.1137/0106027},

URL = {

        https://doi.org/10.1137/0106027



},
eprint = {

        https://doi.org/10.1137/0106027



}

}
