@article{sadpa2006rommes,
  title={Efficient computation of transfer function dominant poles using subspace acceleration},
  author={Rommes, Joost and Martins, Nelson},
  journal={IEEE Transactions on Power Systems},
  volume={21},
  number={3},
  pages={1218--1226},
  year={2006},
  publisher={IEEE}
}
